@InProceedings{LM78XX,
  title        = {{LM78XX/LM78XXA — 3-Terminal 1A Positive Voltage Regulator}},
  note         = {\url{http://electropark.pl/attachment.php?id_attachment=403} [dostęp dnia 13 października 2019]},
}
@InProceedings{HondaPinout,
  title        = {{Honda Usefull Ecu Pinouts OBD2B OBD2A OBD1 | EK9.org JDM EK9 Honda Civic Type R Forum}},
  organization = {EK9.org},
  note         = {\url{https://www.ek9.org/index.php?threads/honda-usefull-ecu-pinouts-obd2b-obd2a-obd1.201/#post-1473} [dostęp dnia 15 października 2019]},
}